<?xml version="1.0" encoding="UTF-8"?><collection xmlns="http://www.loc.gov/MARC21/slim"><record><leader>00354nam--2200133-i-4500</leader><controlfield tag="001">000036609</controlfield><controlfield tag="002">20161230</controlfield><controlfield tag="005">20161230201041</controlfield><controlfield tag="008">060222s1000------------r-----000-0-eng-d</controlfield><datafield ind1=" " ind2=" " tag="100"><subfield code="a">Pont,A</subfield></datafield><datafield ind1=" " ind2=" " tag="245"><subfield code="a">Memjento de mathematique usuells</subfield></datafield><datafield ind1=" " ind2=" " tag="260"><subfield code="a">Paris, Dunod, 1949. 168p</subfield></datafield><datafield ind1=" " ind2=" " tag="490"><subfield code="a">Bibl.De L`Enseignement Technique. Cycle Du Technicien</subfield></datafield><datafield ind1=" " ind2=" " tag="852"><subfield code="a">14496</subfield></datafield></record></collection>